@article{huberDynamic,
author={Hubert, L.J. AND Golledge, R.G.},
journal={Psychometrika-Vol.46},
title={MATRIX REORGANIZATION AND DYNAMIC PROGRAMMING: APPLICATIONS TO PAIRED COMPARISONS AND UNIDIMENSIONAL SERIATION},
year={1981},
month={December},
pages={429-441},
notes={sympathique}
}